
@article{tonkens2009,
  author = {Tonkens, R.},
  year = {2009},
  title = {A Challenge for Machine Ethics},
  journal = {Minds \& Machines},
  volume = {19},
  pages = {421--438},
}

@article{mannananth2021,
  author = {Manna, R. and Nanth, R.},
  year = {2021},
  title = {Kantian Moral Agency and the Ethics of Artificial Intelligence},
  journal = {Problemos},
  volume = {100},
  pages = {139--151},
}

@book{bennet2015,
  title = {What is this thing called ethics},
  author = {Bennet, C.},
  year = {2015},
  publisher = {Routledge},
  edition = {second edition},
}

@online{singh2022,
  author = "Singh, L",
  year = {2022},
  title = "Automated Kantian Ethics: A Faithful Implementation",
  url = "https://github.com/lsingh123/automatedkantianethics",
  addendum = "(accessed: 15.09.2024)",
}
